

@incollection{suzuki2005toward,
  title={Toward springy robot walk using Strand-muscle actuators},
  author={Suzuki, Masakazu and Ichikawa, Azumi},
  booktitle={Climbing and Walking Robots},
  pages={479--486},
  year={2005},
  publisher={Springer}
}

@inproceedings{sabelhaus2015system,
  title={System design and locomotion of SUPERball, an untethered tensegrity robot},
  author={Sabelhaus, Andrew P and Bruce, Jonathan and Caluwaerts, Ken and Manovi, Pavlo and Firoozi, Roya Fallah and Dobi, Sarah and Agogino, Alice M and SunSpiral, Vytas},
  booktitle={2015 IEEE international conference on robotics and automation (ICRA)},
  pages={2867--2873},
  year={2015},
  organization={IEEE}
}

@misc{kornbluh2018twisted,
  title={Twisted string actuators for an exosuit system},
  author={Kornbluh, Roy David and Kernbaum, Alexander Steele and Low, Thomas and Witherspoon, Katherine Goss and Mccoy, Brian Keith and Ziemba, Adam Arnold Edward and Birkmeyer, Paul Michael and Mahoney, Richard M},
  year={2018, US Patent 9,950,422},
  month=apr # "~24",
  publisher={Google Patents}
}

@article{gaponov2013twisted,
  title={Twisted string actuation systems: A study of the mathematical model and a comparison of twisted strings},
  author={Gaponov, Igor and Popov, Dmitry and Ryu, Jee-Hwan},
  journal={IEEE/ASME Transactions on Mechatronics},
  volume={19},
  number={4},
  pages={1331--1342},
  year={2013},
  publisher={IEEE}
}

% V: This article shows two types of control for solving a golf shot task by a pendulum. The results of energy regulation for swinging the furuta pendulum to the required energy level are shown.
@inproceedings{iwashiro1996energy,
  title={Energy based control of pendulum},
  author={Iwashiro, Masafumi and Furuta, Katsuhisa and Astrom, Karl J},
  booktitle={Proceeding of the 1996 IEEE International Conference on Control Applications IEEE International Conference on Control Applications held together with IEEE International Symposium on Intelligent Contro},
  pages={715--720},
  year={1996},
  organization={IEEE}
}

% V: 
@article{spong1996energy,
  title={Energy based control of a class of underactuated mechanical systems},
  author={Spong, Mark W},
  journal={IFAC Proceedings volumes},
  volume={29},
  number={1},
  pages={2828--2832},
  year={1996},
  publisher={Elsevier}
}

% V: 
@inproceedings{furuta1996swinging,
  title={Swinging Up a Pendulum by Energy Control},
  author={Furuta, Katsuhisa and others},
  booktitle={13th IFAC World Congress},
  year={1996}
}

% V: 
@article{kennedy2019real,
  title={Real-time implementation and analysis of a modified energy based controller for the swing-up of an inverted pendulum on a cart},
  author={Kennedy, Emese and King, Ethan and Tran, Hien},
  journal={European Journal of Control},
  volume={50},
  pages={176--187},
  year={2019},
  publisher={Elsevier}
}

% B: 
@article{fantoni2000energy,
  title={Energy based control of the pendubot},
  author={Fantoni, Isabelle and Lozano, Rogelio and Spong, Mark W},
  journal={IEEE Transactions on Automatic Control},
  volume={45},
  number={4},
  pages={725--729},
  year={2000},
  publisher={IEEE}
}

% B:
@article{wiklund1993new,
  title={A new strategy for swinging up an inverted pendulum},
  author={Wiklund, Magnus and Kristenson, Anders and Astr{\"o}m, Karl Johan},
  journal={IFAC Proceedings Volumes},
  volume={26},
  number={2},
  pages={757--760},
  year={1993},
  publisher={Elsevier}
}

% B: humanoid robot + EBC + PID + CL
@inproceedings{maalouf2017energy,
  title={Energy-based control applied to humanoid robots},
  author={Maalouf, Noel and Elhajj, Imad H and Shammas, Elie and Asmar, Daniel},
  booktitle={2017 IEEE International Conference on Robotics and Biomimetics (ROBIO)},
  pages={2591--2598},
  year={2017},
  organization={IEEE}
}

% B: humanoid robot + EBC (deeper)
@article{maalouf2020biomimetic,
  title={Biomimetic Energy-Based Humanoid Gait Design},
  author={Maalouf, Noel and Elhajj, Imad H and Shammas, Elie and Asmar, Daniel},
  journal={Journal of Intelligent \& Robotic Systems},
  pages={1--19},
  year={2020},
  publisher={Springer}
}

% B: biped walking robots + EB constraints 
@article{asano2004novel,
  title={A novel gait generation for biped walking robots based on mechanical energy constraint},
  author={Asano, Fumihiko and Yamakita, Masaki and Kamamichi, Norihiro and Luo, Zhi-Wei},
  journal={IEEE Transactions on Robotics and Automation},
  volume={20},
  number={3},
  pages={565--573},
  year={2004},
  publisher={IEEE}
}


% B:
% B:

@inproceedings{asano2000virtual,
  title={Virtual passive dynamic walking and energy-based control laws},
  author={Asano, Fumihiko and Yamakita, Masaki and Furuta, Katsuhisa},
  booktitle={Proceedings. 2000 IEEE/RSJ International Conference on Intelligent Robots and Systems (IROS 2000)(Cat. No. 00CH37113)},
  volume={2},
  pages={1149--1154},
  year={2000},
  organization={IEEE}
}

@article{nemoto2015energy,
  title={Energy-based control for a biologically inspired hexapod robot with rolling locomotion},
  author={Nemoto, Takuma and Mohan, Rajesh Elara and Iwase, Masami},
  journal={Digital Communications and Networks},
  volume={1},
  number={2},
  pages={125--133},
  year={2015},
  publisher={Elsevier}
}

@inproceedings{godage2014energy,
  title={Energy based control of compass gait soft limbed bipeds},
  author={Godage, Isuru S and Wang, Yue and Walker, Ian D},
  booktitle={2014 IEEE/RSJ International Conference on Intelligent Robots and Systems},
  pages={4057--4064},
  year={2014},
  organization={IEEE}
}

@article{nedelchev2020accurate,
  title={Accurate dynamic modeling of twisted string actuators accounting for string compliance and friction},
  author={Nedelchev, Simeon and Gaponov, Igor and Ryu, Jee-Hwan},
  journal={IEEE Robotics and Automation Letters},
  volume={5},
  number={2},
  pages={3438--3443},
  year={2020},
  publisher={IEEE}
}

@article{palli2012modeling,
  title={Modeling and control of the twisted string actuation system},
  author={Palli, Gianluca and Natale, Ciro and May, Chris and Melchiorri, Claudio and Wurtz, Thomas},
  journal={IEEE/ASME Transactions on Mechatronics},
  volume={18},
  number={2},
  pages={664--673},
  year={2012},
  publisher={IEEE}
}

@inproceedings{popov2012study,
  title={A study on twisted string actuation systems: Mathematical model and its experimental evaluation},
  author={Popov, Dmitry and Gaponov, Igor and Ryu, Jee-Hwan},
  booktitle={2012 IEEE/RSJ International Conference on Intelligent Robots and Systems},
  pages={1245--1250},
  year={2012},
  organization={IEEE}
}